@Misc{ java6,
	author = "Oracle",
	title = "{J}ava SE Downloads",
	howpublished = "Available on: \\ \verb*|<http://www.oracle.com/technetwork/java/javase>|",
	year = "2010"
}

@Misc{ sql3,
	author = "{SQL}ite",
	title = "SQL database engine",
	howpublished = "Available on: \verb*|<http://www.sqlite.org>|",
	year = "2010"
}

@Misc{ ant,
	author = "{A}pache {A}nt",
	title = "Java library and command-line for automated building",
	howpublished = "Available on: \verb*|<http://ant.apache.org/>|",
	year = "2010"
}


